@article{Aelvoet2009,
  title    = {Miscoding: A threat to the hospital care system. How to detect it?},
  author   = {Aelvoet, W H and Terryn, N and Windey, F and Redivo, M and van Sprundel, M and Faes, C},
  year     = 2009,
  journal  = {Revue d'Epidemiologie et de Sante Publique},
  address  = {Federal Service of Health, Food Chain Safety and Environment, Directorate General for the Organisation of Health Care Establishments, 40, Place Victor Horta, 1060 Brussels, Belgium},
  volume   = 57,
  number   = 3,
  pages    = {169--177},
  doi      = {10.1016/j.respe.2009.02.206},
  issn     = {03987620 (Issn)},
  url      = {https://www.scopus.com/inward/record.uri?eid=2-s2.0-68949163190{\&}doi=10.1016{\%}2Fj.respe.2009.02.206{\&}partnerID=40{\&}md5=1eb0ccfdc5ac2eaff0da974ad3ef6504},
  keywords = {Administrative data,Algorithms,Belgium,Benchmarking,Case mix,Delivery of Health Care,Diagnosis-Related Groups,Forms and Records Control,Humans,Insurance Claim Review,International Classification of Diseases,Length of Stay,Mathematical Computing,Miscoding,Odds Ratio,Prospective Payment System,Prospective payment system,Quality of Health Care,article,epidemiological data,forgery,health care quality,hospital care,hospital information system,hospital management,hospital service,length of stay,linear system,medical audit,methodology,quality control,randomization,statistical model},
  language = {English}
}
@article{alonso2019,
  title   = {Health records as the basis of clinical coding: Is the quality adequate? A qualitative study of medical coders{\textquoteright} perceptions},
  author  = {{Alonso}, {Vera} and {Santos}, {João Vasco} and {Pinto}, {Marta} and {Ferreira}, {Joana} and {Lema}, {Isabel} and {Lopes}, {Fernando} and {Freitas}, {Alberto}},
  year    = {2019},
  month   = {02},
  date    = {2019-02-11},
  journal = {Health Information Management Journal},
  pages   = {28--37},
  volume  = {49},
  number  = {1},
  doi     = {10.1177/1833358319826351},
  url     = {http://dx.doi.org/10.1177/1833358319826351},
  langid  = {en}
}
@article{alonso2020,
  title   = {Problems and Barriers during the Process of Clinical Coding: a Focus Group Study of Coders{\textquoteright} Perceptions},
  author  = {{Alonso}, {Vera} and {Santos}, {João Vasco} and {Pinto}, {Marta} and {Ferreira}, {Joana} and {Lema}, {Isabel} and {Lopes}, {Fernando} and {Freitas}, {Alberto}},
  year    = {2020},
  month   = {02},
  date    = {2020-02-08},
  journal = {Journal of Medical Systems},
  volume  = {44},
  number  = {3},
  doi     = {10.1007/s10916-020-1532-x},
  url     = {http://dx.doi.org/10.1007/s10916-020-1532-x},
  langid  = {en}
}
@incollection{Amarouche2019,
  title     = {Implementation of a Medical Coding Support System by Combining Approaches: NLP and Machine Learning},
  author    = {Amarouche, Idir Amine and {Ahmed Zaid}, Dehbia and Kenaza, Tayeb},
  year      = 2019,
  booktitle = {Lecture Notes in Computer Science (including subseries Lecture Notes in Artificial Intelligence and Lecture Notes in Bioinformatics)},
  publisher = {Springer International Publishing},
  address   = {Department of Medical and Hospital Informatics, Central Hospital of Army, Ain Naadja, Algiers, 16005, Algeria},
  volume    = {11470 Lncs},
  number    = {Pg  - 133-147},
  pages     = {133--147},
  doi       = {10.1007/978-3-030-14177-6\_11},
  isbn      = 9783030141769,
  issn      = 16113349,
  url       = {http://dx.doi.org/10.1007/978-3-030-14177-6{\%5F}11 https://www.scopus.com/inward/record.uri?eid=2-s2.0-85064666859{\&}doi=10.1007{\%}2F978-3-030-14177-6{\%5F}11{\&}partnerID=40{\&}md5=89371c37c00cd4a51e7334ad7cced4ce http://link.springer.com/10.1007/978-3-030-14177-6{\%5F}11 https},
  editor    = {G., Luo and G., Teodoro and V., Gadepally and T., Mattson and M., Stonebraker and F., Wang},
  keywords  = {GNPA,ICD-10,Machine learning,Medical coding support,Natural language processing (NLP)},
  language  = {English}
}
@article{Atutxa2019,
  title     = {Interpretable deep learning to map diagnostic texts to ICD-10 codes},
  author    = {Atutxa, Aitziber and de Ilarraza, Arantza D{\'{i}}az and Gojenola, Koldo and Oronoz, Maite and Perez-de-Vi{\~{n}}aspre, Olatz},
  year      = 2019,
  month     = sep,
  journal   = {International Journal of Medical Informatics},
  publisher = {Elsevier},
  address   = {Department of Languages and Computer Systems. IXA Research Group: http://ixa.eus. University of the Basque Country (UPV-EHU), Leioa, Spain},
  volume    = 129,
  number    = {September 2018},
  pages     = {49--59},
  doi       = {10.1016/j.ijmedinf.2019.05.015},
  issn      = 18728243,
  url       = {https://doi.org/10.1016/j.ijmedinf.2019.05.015 https://www.scopus.com/inward/record.uri?eid=2-s2.0-85066502163{\&}doi=10.1016{\%}2Fj.ijmedinf.2019.05.015{\&}partnerID=40{\&}md5=a02c5de40ed7caffad8c5e1fdb1620d2 https://linkinghub.elsevier.com/retrieve/pii/S13865056183},
  keywords  = {Electronic health records,International Classification of Diseases,Neural machine translation,Sequence-to-sequence mapping},
  language  = {English},
  pmid      = 31445289
}
@article{Catling2018,
  title     = {Towards automated clinical coding},
  author    = {Catling, Finneas and Spithourakis, Georgios P. and Riedel, Sebastian},
  year      = 2018,
  month     = dec,
  journal   = {International Journal of Medical Informatics},
  publisher = {Elsevier Ireland Ltd},
  address   = {University College London, Gower Street, London, WC1E 6BT, United Kingdom},
  volume    = 120,
  number    = {Pg - 50-61},
  pages     = {50--61},
  doi       = {10.1016/j.ijmedinf.2018.09.021},
  issn      = 18728243,
  url       = {https://www.scopus.com/inward/record.uri?eid=2-s2.0-85054423133{\&}doi=10.1016{\%}2Fj.ijmedinf.2018.09.021{\&}partnerID=40{\&}md5=a0b7e46dfd76d8f212e722c64572b240 NS  - https://doi.org/10.1016/j.ijmedinf.2018.09.021 https://linkinghub.elsevier.com/retrieve/pii/S13865},
  keywords  = {Article,Automated,Automation,Classification (of information),Clinical Coding,Clinical coding,Clinical research,Codes (symbols),Diseases,Electronic Health Records,Forecasting,Hierarchical representation,Hierarchical representation learning,Humans,International Classification of Diseases,International classification of disease,Inverse problems,Knowledge representation,Learning algorithms,Learning systems,Machine learning,Medical information,Natural language processing,Natural language processing systems,Neural Networks (Computer),Ontology,Pattern Recognition,Performance improvements,Recurrent neural networks,Term frequency-inverse document frequencies,Text processing,Text representation,Unbalanced distribution,artificial neural network,automated pattern recognition,automation,coding,electronic health record,human,learning,medical information,ontology,prediction,priority journal,procedures,standards,statistical analysis,statistical model},
  language  = {English},
  pmid      = 30409346
}
@inproceedings{Chen2010a,
  title     = {Semantic analysis of free text and its application on automatically assigning ICD-9-CM codes to patient records},
  author    = {Chen, Ping and Barrera, Araly and Rhodes, Chris},
  year      = 2010,
  booktitle = {Proceedings of the 9th IEEE International Conference on Cognitive Informatics, ICCI 2010},
  address   = {Department of Computer and Mathematical Sciences, University of Houston-Downtown, Houston, TX, United States},
  number    = {Pg  - 68-74},
  pages     = {68--74},
  doi       = {10.1109/coginf.2010.5599783},
  isbn      = 9781424480401,
  url       = {https://www.scopus.com/inward/record.uri?eid=2-s2.0-78649839345{\&}doi=10.1109{\%}2FCOGINF.2010.5599783{\&}partnerID=40{\&}md5=b30dafcab53eee72ec6e2991b74cb7d5 NS  - https://www.scopus.com/inward/record.uri?eid=2-s2.0-78649839345{\&}doi=10.1109{\%}2FCOGINF.2010.5599783{\&}par},
  keywords  = {Automatic diagnosis,Dependency parsing,Natural Language Processing,Semantic analysis},
  language  = {English}
}
@article{Chen2017,
  title   = {Automatic ICD-10 coding algorithm using an improved longest common subsequence based on semantic similarity},
  author  = {Chen, Yun Zhi and Lu, Hui Juan and Li, Lan Juan},
  year    = 2017,
  journal = {PLoS ONE},
  volume  = 12,
  number  = {3 Pg  -},
  doi     = {10.1371/journal.pone.0173410},
  issn    = 19326203,
  url     = {Ns  -},
  pmid    = 28306739
}
@article{Demuth1985,
  title    = {Automated ICD-9-CM coding: an inevitable trend to expert systems.},
  author   = {Demuth, A. I.},
  year     = 1985,
  journal  = {Healthcare computing {\&} communications},
  volume   = 2,
  number   = 10,
  pages    = {62--66},
  issn     = {8750149x},
  url      = {https://www.scopus.com/inward/record.uri?eid=2-s2.0-0022133405{\&}partnerID=40{\&}md5=c90ee7368785c5670f6c45f73316d4e3},
  keywords = {Abstracting and Indexing,Artificial Intelligence,Automatic Data Processing,Disease,Hospital Departments,Human,Medical Records Department, Hospital,United States,article,artificial intelligence,classification,documentation,general aspects of disease,hospital department,human,information processing,medical record,standard},
  language = {English},
  pmid     = 10273781
}
@article{doremus1983,
  title   = {Data Quality: An Illustration of Its Potential Impact Upon a Diagnosis–Related Group's Case Mix Index and Reimbursement},
  author  = {{Doremus}, {Harvey D.} and {Michenzi}, {Elana M.}},
  year    = 1983,
  month   = 10,
  journal = {Medical Care},
  volume  = 21,
  number  = 10,
  pages   = {1001--1011},
  doi     = {10.1097/00005650-198310000-00006},
  url     = {http://dx.doi.org/10.1097/00005650-198310000-00006},
  date    = {1983-10},
  langid  = {en}
}
@online{hintthsj,
  title   = {Projeto Digital Patient do São João vence prémio HINTT 2019},
  author  = {Hospital de São João},
  year    = 2019,
  url     = {https://portal-chsj.min-saude.pt/frontoffice/pages/931?news_id=666},
  urldate = {2021-01-12}
}
@online{historyofehr,
  title   = {A history of EHRs: 10 things to know},
  author  = {Beckers Hospital},
  year    = 2015,
  url     = {https://www.beckershospitalreview.com/healthcare-information-technology/a-history-of-ehrs-10-things-to-know.html},
  urldate = {2021-01-12}
}
@online{historyoficd,
  title   = {History of the development of the ICD},
  author  = {WHO},
  year    = 2004,
  url     = {https://www.who.int/classifications/icd/en/HistoryOfICD.pdf},
  urldate = {2021-01-12}
}
@article{lucyk2017,
  title   = {Barriers to data quality resulting from the process of coding health information to administrative data: a qualitative study},
  author  = {{Lucyk}, {Kelsey} and {Tang}, {Karen} and {Quan}, {Hude}},
  year    = 2017,
  month   = 11,
  journal = {BMC Health Services Research},
  volume  = 17,
  number  = 1,
  doi     = {10.1186/s12913-017-2697-y},
  url     = {http://dx.doi.org/10.1186/s12913-017-2697-y},
  date    = {2017-11-22},
  langid  = {en}
}
@online{McCallumLibbow,
  title   = {Bow: A toolkit for statistical language modeling, text retrieval, classification and clustering},
  author  = {Andrew Kachites McCallum},
  year    = 1996,
  url     = {http://www.cs.cmu.edu/~mccallum/bow},
  urldate = {2021-01-12}
}
@misc{Meyer2002,
  title  = {Results of Automatic Conversion of Diagnoses from ICD-9 to ICD-10 for Cancer Registration},
  author = {Meyer, Martin and de Rodriguez, M. Franzkowiak},
  year   = 2002,
  pages  = {463--469},
  doi    = {10.1007/978-3-642-55991-4\_50}
}
@book{Pearl2018,
  title  = {The Book of Why: the new science of cause and effect},
  author = {Pearl, Judea},
  year   = 2018,
  pages  = 418,
  isbn   = 9780465097616,
  url    = {https://lccn.loc.gov/2017056458}
}
@inbook{ramalho2020,
  title     = {The Use of Artificial Intelligence for Clinical Coding Automation: A Bibliometric Analysis},
  author    = {{Ramalho}, {A.} and {Souza}, {J.} and {Freitas}, {A.}},
  year      = {2020},
  month     = {08},
  date      = {2020-08-07},
  publisher = {Springer International Publishing},
  pages     = {274--283},
  doi       = {10.1007/978-3-030-53036-5_30},
  url       = {http://dx.doi.org/10.1007/978-3-030-53036-5_30}
}

@article{Reid1999-2000,
  title   = {Under-Coding in Australia Limits the Performance of DRG Groupers},
  author  = {{Reid}, {Beth} and {Palmer}, {George} and {Aisbett}, {Chris}},
  year    = 2000,
  month   = {09},
  journal = {Health Information Management},
  volume  = 29,
  number  = 3,
  pages   = {113--117},
  doi     = {10.1177/183335830002900307},
  url     = {http://dx.doi.org/10.1177/183335830002900307},
  date    = {2000-09},
  langid  = {en}
}

@article{Satomura1992,
  title     = {Automated diagnostic indexing by natural language processing},
  author    = {Satomura, Y and {Do Amaral}, M B},
  year      = 1992,
  journal   = {Informatics for Health and Social Care},
  publisher = {Informa Healthcare},
  address   = {Division of Medical Informatics, University Hospital, National University at Chiba, 1-8-1, Inohana, Chiba-City, 280, Japan},
  volume    = 17,
  number    = 3,
  pages     = {149--163},
  doi       = {10.3109/14639239209096531},
  issn      = {17538157 (Issn)},
  url       = {https://www.scopus.com/inward/record.uri?eid=2-s2.0-84907111332{\&}doi=10.3109{\%}2F14639239209096531{\&}partnerID=40{\&}md5=a5e8b9456f194cbcf15f5542c9be3cfb},
  keywords  = {ICD,Indexing,Natural language,SNOMED,article,computer program,computer system,data base,diagnostic procedure,expert system,medical documentation,medical record,nomenclature},
  language  = {English}
}

@article{souza2019,
  title   = {Quality of coding within clinical datasets: A case-study using burn-related hospitalizations},
  author  = {{Souza}, {Julio} and {Santos}, {João Vasco} and {Lopes}, {Fernando} and {Freitas}, {Alberto}},
  year    = {2019},
  month   = {11},
  date    = {2019-11},
  journal = {Burns},
  pages   = {1571--1584},
  volume  = {45},
  number  = {7},
  doi     = {10.1016/j.burns.2018.09.013},
  url     = {http://dx.doi.org/10.1016/j.burns.2018.09.013},
  langid  = {en}
}

@article{souza2020,
  title   = {Measuring data credibility and medical coding: a case study using a nationwide Portuguese inpatient database},
  author  = {{Souza}, {Julio} and {Pimenta}, {Diana} and {Caballero}, {Ismael} and {Freitas}, {Alberto}},
  year    = {2020},
  month   = {06},
  date    = {2020-06-12},
  journal = {Software Quality Journal},
  pages   = {1043--1061},
  volume  = {28},
  number  = {3},
  doi     = {10.1007/s11219-020-09504-3},
  url     = {http://dx.doi.org/10.1007/s11219-020-09504-3},
  langid  = {en}
}

@article{Suleiman2020,
  title    = {A clinical coding recommender system},
  author   = {Suleiman, Mani and Demirhan, Haydar and Boyd, Leanne and Girosi, Federico and Aksakalli, Vural},
  year     = 2020,
  month    = sep,
  journal  = {Knowledge-Based Systems},
  volume   = 210,
  number   = {Pg - 106455-106455},
  pages    = 106455,
  doi      = {10.1016/j.knosys.2020.106455},
  issn     = {09507051},
  url      = {https://doi.org/10.1016/j.knosys.2020.106455 https://linkinghub.elsevier.com/retrieve/pii/S0950705120305840 https://doi.org/10.1016/j.knosys.2020.106455https://linkinghub.elsevier.com/retrieve/pii/S0950705120305840 NS  -},
  keywords = {artificial intelli-gence,bayesian networks,clinical coding,data mining,health informatics,recommender systems}
}
