@book{AAMI2002,
  title     = {{Cardiac monitors, heart rate meters, and alarms}},
  author    = {{Association for the Advancement of Medical Instrumentation}},
  year      = 2002,
  booktitle = {American National Standard (ANSI/AAMI EC13:2002)},
  publisher = {Association for the Advancement of Medical Instrumentation},
  address   = {Arlington, Va.},
  isbn      = 9781570201745
}
@article{Akosa2017,
  author   = {Akosa, Josephine S},
  journal  = {SAS Global Forum},
  keywords = {model evaluation metric accuracy imbalanced data},
  pages    = {1--12},
  title    = {{Predictive accuracy: A misleading performance measure for highly imbalanced data}},
  volume   = {942},
  year     = {2017}
}
@inproceedings{alinejad2019,
  title     = {2019 27th Iranian Conference on Electrical Engineering (ICEE)},
  author    = {{Alinejad}, {Ghazaleh Mohammad} and {Rasoulinezhad}, {Seyedramin} and {Shamsollahi}, {Mohammad Bagher}},
  year      = 2019,
  month     = {04},
  publisher = {IEEE},
  doi       = {10.1109/iraniancee.2019.8786614},
  url       = {http://dx.doi.org/10.1109/IranianCEE.2019.8786614},
  date      = {2019-04}
}
@article{aminikhanghahi2016,
  title   = {A survey of methods for time series change point detection},
  author  = {Aminikhanghahi, Samaneh and Cook, Diane J.},
  year    = {2016},
  month   = {09},
  date    = {2016-09-08},
  journal = {Knowledge and Information Systems},
  pages   = {339--367},
  volume  = {51},
  number  = {2},
  doi     = {10.1007/s10115-016-0987-z},
  url     = {http://dx.doi.org/10.1007/s10115-016-0987-z},
  langid  = {en}
}
@misc{AnalogDevices2020,
  title   = {{AD8232 Single-Lead, Heart Rate Monitor Front End}},
  author  = {{Analog Devices}},
  year    = 2014,
  url     = {https://www.analog.com/media/en/technical-documentation/data-sheets/ad8232.pdf},
  urldate = {2021-07-14}
}
@online{arduino2021,
  title   = {{Arduino}},
  author  = {{Arduino}},
  year    = 2008,
  url     = {https://www.arduino.cc/},
  urldate = {2021-07-14}
}

@article{Bakeman1997,
  author  = {Bakeman, Roger and McArthur, Duncan and Quera, Vicen{\c{c}} and Robinson, Byron F.},
  doi     = {10.1037/1082-989X.2.4.357},
  issn    = {1939-1463},
  journal = {Psychological Methods},
  number  = {4},
  pages   = {357--370},
  title   = {{Detecting sequential patterns and determining their reliability with fallible observers.}},
  volume  = {2},
  year    = {1997}
}
@book{Bakeman2011,
  address   = {Cambridge},
  author    = {Bakeman, Roger and Quera, Vicenc},
  booktitle = {Sequential Analysis and Observational Methods for the Behavioral Sciences},
  doi       = {10.1017/CBO9781139017343},
  isbn      = {9781139017343},
  pages     = {1--183},
  publisher = {Cambridge University Press},
  title     = {{Sequential Analysis and Observational Methods for the Behavioral Sciences}},
  url       = {http://ebooks.cambridge.org/ref/id/CBO9781139017343},
  year      = {2011}
}
@inproceedings{banerjee2010,
  title     = {2010 International Conference on Systems in Medicine and Biology (ICSMB)},
  author    = {{Banerjee}, {Swati} and {Mitra}, {Madhuchhanda}},
  year      = 2010,
  month     = 12,
  publisher = {IEEE},
  doi       = {10.1109/icsmb.2010.5735345},
  url       = {http://dx.doi.org/10.1109/ICSMB.2010.5735345},
  date      = {2010-12}
}
@article{Batista2014,
  author   = {Batista, Gustavo E. A. P. A. and Keogh, Eamonn J. and Tataw, Oben Moses and de Souza, Vin{\'{i}}cius M. A.},
  doi      = {10.1007/s10618-013-0312-3},
  issn     = {1384-5810},
  journal  = {Data Mining and Knowledge Discovery},
  keywords = {Classification,Clustering,Complexity,Similarity measures,Time series},
  month    = {may},
  number   = {3},
  pages    = {634--669},
  title    = {{CID: an efficient complexity-invariant distance for time series}},
  url      = {http://link.springer.com/10.1007/s10618-013-0312-3},
  volume   = {28},
  year     = {2014}
}
@article{Bekkar2013,
  author   = {Bekkar, Mohamed and Djemaa, Hassiba Kheliouane and Alitouche, Taklit Akrouf},
  issn     = {2225-0506},
  journal  = {Journal of Information Engineering and Applications},
  keywords = {accuracy,auc,aul,f-measure,g-means,imbalanced data,index,lift,likelihood ratios,matthews correlation coefficient,model assessment,p-auc,roc,w-auc,youden},
  number   = {10},
  pages    = {27--38},
  title    = {{Evaluation Measures for Models Assessment over Imbalanced Data Sets}},
  url      = {http://www.iiste.org/Journals/index.php/JIEA/article/view/7633},
  volume   = {3},
  year     = {2013}
}
@incollection{Beyer1999,
  author    = {Beyer, Kevin and Goldstein, Jonathan and Ramakrishnan, Raghu and Shaft, Uri},
  booktitle = {Lecture Notes in Computer Science (including subseries Lecture Notes in Artificial Intelligence and Lecture Notes in Bioinformatics)},
  doi       = {10.1007/3-540-49257-7_15},
  isbn      = {3540654526},
  issn      = {16113349},
  pages     = {217--235},
  title     = {{When Is “Nearest Neighbor” Meaningful?}},
  url       = {http://link.springer.com/10.1007/3-540-49257-7{\_}15},
  volume    = {1540},
  year      = {1999}
}
@inproceedings{bhanushali2020,
  doi       = {10.1109/mwscas48704.2020.9184466},
  url       = {https://doi.org/10.1109%2Fmwscas48704.2020.9184466},
  year      = 2020,
  month     = {aug},
  publisher = {{IEEE}},
  author    = {Sumukh Prashant Bhanushali and Sudarsan Sadasivuni and Imon Banerjee and Arindam Sanyal},
  title     = {Digital Machine Learning Circuit for Real-Time Stress Detection from Wearable {ECG} Sensor},
  booktitle = {2020 {IEEE} 63rd International Midwest Symposium on Circuits and Systems ({MWSCAS})}
}
@inproceedings{Bifet2015,
  address   = {New York, NY, USA},
  author    = {Bifet, Albert and {de Francisci Morales}, Gianmarco and Read, Jesse and Holmes, Geoff and Pfahringer, Bernhard},
  booktitle = {Proceedings of the 21th ACM SIGKDD International Conference on Knowledge Discovery and Data Mining},
  doi       = {10.1145/2783258.2783372},
  isbn      = {9781450336642},
  keywords  = {Classification,Data streams,Evaluation,Online learning},
  month     = {aug},
  pages     = {59--68},
  publisher = {ACM},
  title     = {{Efficient Online Evaluation of Big Data Stream Classifiers}},
  url       = {https://dl.acm.org/doi/10.1145/2783258.2783372},
  volume    = {2015-Augus},
  year      = {2015}
}
@article{Bischl2012,
  author   = {Bischl, B. and Mersmann, O. and Trautmann, H. and Weihs, C.},
  doi      = {10.1162/EVCO_a_00069},
  issn     = {1063-6560},
  journal  = {Evolutionary Computation},
  keywords = {Evolutionary computation,Evolutionary optimization,Meta-models,Model validation,Regression,Resampling},
  month    = {jun},
  number   = {2},
  pages    = {249--275},
  pmid     = {22339368},
  title    = {{Resampling Methods for Meta-Model Validation with Recommendations for Evolutionary Computation}},
  url      = {https://direct.mit.edu/evco/article/20/2/249-275/925},
  volume   = {20},
  year     = {2012}
}
@article{Bischoff2019a,
  title    = {tsmp: An R Package for Time Series with Matrix Profile},
  author   = {Bischoff, Francisco and Rodrigues, Pedro Pereira},
  year     = 2019,
  month    = apr,
  doi      = {10.13140/rg.2.2.13040.30726},
  keywords = {R,data mining,matrix profile,time series,tsmp}
}
@misc{bischoff2021,
  title     = {Reducing False Arrhythmia Alarms in the ICU - The PhysioNet Computing in Cardiology Challenge 2015},
  year      = 2021,
  month     = {03},
  publisher = {Zenodo},
  doi       = {10.5281/zenodo.4634013},
  url       = {https://zenodo.org/record/4634013},
  date      = {2021-03-24},
  langid    = {en}
}
@online{Bischoff2021a,
  author          = {Bischoff, Francisco},
  booktitle       = {RPubs},
  mendeley-groups = {Data Science},
  title           = {RPubs - MatrixProfileR - Benchmarks},
  url             = {https://rpubs.com/franzbischoff/matrixprofiler},
  urldate         = {2022-01-12},
  year            = {2021}
}
@dataset{bischoff2021afib,
  title     = {{Paroxysmal Atrial Fibrillation Events Detection
               from Dynamic ECG Recordings - The 4th China
               Physiological Signal Challenge 2021}},
  month     = {05},
  year      = 2021,
  publisher = {Zenodo},
  doi       = {10.5281/zenodo.6879232},
  url       = {https://doi.org/10.5281/zenodo.6879232}
}
@online{bischoffrepo2021,
  title   = {{GitHub false.alarm repository}},
  author  = {Bischoff, Francisco},
  url     = {https://github.com/franzbischoff/false.alarm},
  urldate = {2021-07-14}
}
@article{Breiman2001,
  author   = {Breiman, Leo},
  doi      = {10.1023/A:1010933404324},
  issn     = {1573-0565},
  journal  = {Machine Learning},
  keywords = {classification,ensemble,regression},
  number   = {1},
  pages    = {5--32},
  title    = {{Random Forests}},
  volume   = {45},
  year     = {2001}
}
@article{Chambrin2001,
  title   = {Alarms in the intensive care unit: how can the number of false alarms be reduced?},
  author  = {Chambrin, M C},
  year    = 2001,
  month   = aug,
  journal = {Critical care (London, England)},
  volume  = 5,
  number  = 4,
  pages   = {184--8},
  doi     = {10.1186/cc1021}
}
@inproceedings{cheng2020,
  doi       = {10.1109/embc44109.2020.9176188},
  url       = {https://doi.org/10.1109%2Fembc44109.2020.9176188},
  year      = 2020,
  month     = {jul},
  publisher = {{IEEE}},
  author    = {Yunfei Cheng and Yalan Ye and Mengshu Hou and Wenwen He and Tongjie Pan},
  title     = {Multi-label Arrhythmia Classification from Fixed-length Compressed ECG Segments in Real-time Wearable ECG Monitoring},
  booktitle = {2020 42nd Annual International Conference of the {IEEE} Engineering in Medicine & Biology Society (EMBC)}
}
@article{Chicco2020,
  author    = {Chicco, Davide and Jurman, Giuseppe},
  doi       = {10.1186/s12864-019-6413-7},
  isbn      = {1286401964137},
  issn      = {1471-2164},
  journal   = {BMC Genomics},
  keywords  = {Accuracy,Binary classification,Biostatistics,Confusion matrices,Dataset imbalance,F1 score,Genomics,Machine learning,Matthews correlation coefficient},
  month     = {dec},
  number    = {1},
  pages     = {6},
  pmid      = {31898477},
  publisher = {BMC Genomics},
  title     = {{The advantages of the Matthews correlation coefficient (MCC) over F1 score and accuracy in binary classification evaluation}},
  url       = {https://bmcgenomics.biomedcentral.com/articles/10.1186/s12864-019-6413-7},
  volume    = {21},
  year      = {2020}
}

@article{Chipman2010,
  author   = {Chipman, Hugh A. and George, Edward I. and McCulloch, Robert E.},
  doi      = {10.1214/09-AOAS285},
  issn     = {1932-6157},
  journal  = {The Annals of Applied Statistics},
  keywords = {Bayesian backfitting,Boosting,CART,Classification,Ensemble,MCMC,Nonparametric regression,Probit model,Random basis,Regularizatio,Sum-of-trees model,Variable selection,Weak learner},
  month    = {mar},
  number   = {1},
  pages    = {266--298},
  title    = {{BART: Bayesian additive regression trees}},
  volume   = {4},
  year     = {2010}
}
@inproceedings{Clifford2015,
  title     = {The PhysioNet/Computing in Cardiology Challenge 2015: Reducing false arrhythmia alarms in the ICU},
  author    = {Clifford, Gari D. and Silva, Ikaro and Moody, Benjamin and Li, Qiao and Kella, Danesh and Shahin, Abdullah and Kooistra, Tristan and Perry, Diane and Mark, Roger G.},
  year      = 2015,
  booktitle = {Computing in Cardiology},
  doi       = {10.1109/cic.2015.7408639}
}
@online{CodeMeta2017,
  title   = {The CodeMeta Project},
  url     = {https://codemeta.github.io/},
  urldate = {2022-01-10},
  year    = {2017}
}
@online{compendium2019,
  title   = {Research Compendium},
  year    = 2019,
  url     = {https://research-compendium.science},
  urldate = {2021-04-08}
}
@inproceedings{couto2015,
  title     = {Suppression of false arrhythmia alarms using ECG and pulsatile waveforms},
  author    = {{Couto}, {Paula} and {Ramalho}, {Ruben} and {Rodrigues}, {Rui}},
  year      = 2015,
  month     = {09},
  publisher = {IEEE},
  doi       = {10.1109/cic.2015.7411019},
  date      = {2015-09}
}
@online{dcc_2013,
  title   = {Checklist for a Data Management Plan. v.4.0},
  author  = {Edinburgh: Digital Curation Centre},
  year    = 2013,
  url     = {http://www.dcc.ac.uk/resources/data-management-plans},
  urldate = {2021-04-08}
}
@article{Delgado2019,
  author  = {Delgado, Rosario and Tibau, Xavier-Andoni},
  doi     = {10.1371/journal.pone.0222916},
  editor  = {Gu, Quanquan},
  issn    = {1932-6203},
  journal = {PLOS ONE},
  month   = {sep},
  number  = {9},
  pages   = {e0222916},
  pmid    = {31557204},
  title   = {{Why Cohen's Kappa should be avoided as performance measure in classification}},
  url     = {http://dx.doi.org/10.1371/journal.pone.0222916},
  volume  = {14},
  year    = {2019}
}
@article{DelRio2011,
  author  = {{Del Rio}, B. Aldecoa Sanchez and Lopetegi, T. and Romero, I.},
  isbn    = {9781457706127},
  issn    = {23258861},
  journal = {Computing in Cardiology},
  pages   = {609--612},
  title   = {{Assessment of different methods to estimate electrocardiogram signal quality}},
  volume  = {38},
  year    = {2011}
}
@article{DePaepe2020,
  author    = {{De Paepe}, Dieter and {Vanden Hautte}, Sander and Steenwinckel, Bram and {De Turck}, Filip and Ongenae, Femke and Janssens, Olivier and {Van Hoecke}, Sofie},
  doi       = {10.1016/j.engappai.2020.103487},
  issn      = {09521976},
  journal   = {Engineering Applications of Artificial Intelligence},
  keywords  = {Anomaly detection,Contextual Matrix Profile,Distance matrix,Matrix Profile,Series Distance Matrix,Time series},
  month     = {apr},
  number    = {January},
  pages     = {103487},
  publisher = {Elsevier Ltd},
  title     = {{A generalized matrix profile framework with support for contextual series analysis}},
  volume    = {90},
  year      = {2020}
}
@article{donchin2002,
  title   = {The hostile environment of the intensive care unit},
  author  = {{Donchin}, {Yoel} and {Seagull}, {F. Jacob}},
  year    = 2002,
  month   = {08},
  journal = {Current Opinion in Critical Care},
  volume  = 8,
  number  = 4,
  pages   = {316--320},
  doi     = {10.1097/00075198-200208000-00008},
  date    = {2002-08},
  langid  = {en}
}

@article{drew2014,
  title   = {Insights into the Problem of Alarm Fatigue with Physiologic Monitor Devices: A Comprehensive Observational Study of Consecutive Intensive Care Unit Patients},
  author  = {{Drew}, {Barbara J.} and {Harris}, {Patricia} and {Zègre-Hemsey}, {Jessica K.} and {Mammone}, {Tina} and {Schindler}, {Daniel} and {Salas-Boni}, {Rebeca} and {Bai}, {Yong} and {Tinoco}, {Adelita} and {Ding}, {Quan} and {Hu}, {Xiao}},
  year    = 2014,
  month   = 10,
  journal = {PLoS ONE},
  volume  = 9,
  number  = 10,
  pages   = {e110274},
  doi     = {10.1371/journal.pone.0110274},
  url     = {http://dx.doi.org/10.1371/journal.pone.0110274},
  editor  = {{Tereshchenko}, {Larisa G.}},
  date    = {2014-10-22},
  langid  = {en}
}
@article{Dubey2018,
  author   = {Dubey, Aman and Tarar, Sandhya},
  issn     = {22498958},
  journal  = {International Journal of Engineering and Advanced Technology},
  keywords = {Cluster validity,Deep learning,Face clustering,Face recognition,Scalability},
  number   = {2},
  pages    = {106--113},
  title    = {{Evaluation of approximate rank-order clustering using matthews correlation coefficient}},
  volume   = {8},
  year     = {2018}
}
@inproceedings{eerikainen2015,
  title     = {Decreasing the false alarm rate of arrhythmias in intensive care using a machine learning approach},
  author    = {{Eerikainen}, {Linda M} and {Vanschoren}, {Joaquin} and {Rooijakkers}, {Michael J} and {Vullings}, {Rik} and {Aarts}, {Ronald M}},
  year      = 2015,
  month     = {09},
  publisher = {IEEE},
  doi       = {10.1109/cic.2015.7408644},
  date      = {2015-09}
}
@online{esp32,
  author  = {Wikipedia},
  title   = {ESP32},
  year    = {2022},
  url     = {https://en.wikipedia.org/wiki/ESP32},
  urldate = {2022-06-13}
}
@inproceedings{fallet2015,
  title     = {A multimodal approach to reduce false arrhythmia alarms in the intensive care unit},
  author    = {{Fallet}, {Sibylle} and {Yazdani}, {Sasan} and {Vesin}, {Jean-Marc}},
  year      = 2015,
  month     = {09},
  publisher = {IEEE},
  doi       = {10.1109/cic.2015.7408640},
  date      = {2015-09}
}

@incollection{Feremans2020,
  author    = {Feremans, Len and Vercruyssen, Vincent and Cule, Boris and Meert, Wannes and Goethals, Bart},
  booktitle = {Lecture Notes in Computer Science (including subseries Lecture Notes in Artificial Intelligence and Lecture Notes in Bioinformatics)},
  doi       = {10.1007/978-3-030-46150-8_15},
  isbn      = {9783030461492},
  issn      = {16113349},
  keywords  = {Anomaly detection,Distance measure,Frequent pattern mining,Pattern-based embedding,Time series},
  pages     = {240--256},
  title     = {{Pattern-Based Anomaly Detection in Mixed-Type Time Series}},
  url       = {http://link.springer.com/10.1007/978-3-030-46150-8{\_}15},
  volume    = {11906 LNAI},
  year      = {2020}
}
@article{Fisher2018,
  author  = {Fisher, Aaron and Rudin, Cynthia and Dominici, Francesca},
  journal = {Journal of machine learning research : JMLR},
  month   = {jan},
  pages   = {177},
  pmid    = {34335110},
  title   = {{All Models are Wrong, but Many are Useful: Learning a Variable's Importance by Studying an Entire Class of Prediction Models Simultaneously.}},
  url     = {http://www.ncbi.nlm.nih.gov/pubmed/34335110},
  volume  = {20},
  year    = {2019}
}
@online{franz_dataset,
  title   = {The PhysioNet Computing in Cardiology Challenge 2015 - Dataset},
  year    = 2021,
  url     = {https://zenodo.org/record/4634013},
  urldate = {2021-04-08}
}
@online{franz_datasetafib,
  title   = {The PhysioNet Computing in Cardiology Challenge 2015 - Dataset},
  year    = 2021,
  url     = {https://zenodo.org/record/6879232},
  urldate = {2021-05-21}
}

@online{franz_evaluation,
  title   = {franzbischoff/false.alarm: Ph.D. Report - Evaluation of the algorithms},
  year    = 2022,
  url     = {https://franzbischoff.github.io/false.alarm/report.html#evaluation},
  urldate = {2022-01-31}
}
@online{franz_github,
  title   = {franzbischoff/false.alarm: Ph.D. Programme in Health Data Science},
  year    = 2020,
  url     = {https://github.com/franzbischoff/false.alarm},
  urldate = {2021-04-08}
}
@online{franz_website,
  title   = {franzbischoff/false.alarm: Reproducible Reports},
  year    = 2021,
  url     = {https://franzbischoff.github.io/false.alarm},
  urldate = {2021-04-08}
}
@article{Gama2013,
  title    = {{On evaluating stream learning algorithms}},
  author   = {Gama, Jo{\~{a}}o and Sebasti{\~{a}}o, Raquel and Rodrigues, Pedro Pereira},
  year     = 2013,
  month    = {mar},
  journal  = {Machine Learning},
  volume   = 90,
  number   = 3,
  pages    = {317--346},
  doi      = {10.1007/s10994-012-5320-9},
  keywords = {Concept drift,Data streams,Evaluation design,Prequential analysis}
}
@inproceedings{gharghabi2017,
  title     = {2017 IEEE International Conference on Data Mining (ICDM)},
  author    = {Gharghabi, Shaghayegh and Ding, Yifei and Yeh, Chin-Chia Michael and Kamgar, Kaveh and Ulanova, Liudmila and Keogh, Eamonn},
  year      = {2017},
  month     = {11},
  date      = {2017-11},
  publisher = {IEEE},
  doi       = {10.1109/icdm.2017.21},
  url       = {http://dx.doi.org/10.1109/ICDM.2017.21}
}
@article{gharghabi2018,
  title   = {Domain agnostic online semantic segmentation for multi-dimensional time series},
  author  = {{Gharghabi}, {Shaghayegh} and {Yeh}, {Chin-Chia Michael} and {Ding}, {Yifei} and {Ding}, {Wei} and {Hibbing}, {Paul} and {LaMunion}, {Samuel} and {Kaplan}, {Andrew} and {Crouter}, {Scott E.} and {Keogh}, {Eamonn}},
  year    = 2018,
  month   = {09},
  journal = {Data Mining and Knowledge Discovery},
  volume  = 33,
  number  = 1,
  pages   = {96--130},
  doi     = {10.1007/s10618-018-0589-3},
  date    = {2018-09-25},
  langid  = {en}
}
@inproceedings{gharghabi2018a,
  title     = {2018 IEEE International Conference on Data Mining (ICDM)},
  author    = {Gharghabi, Shaghayegh and Imani, Shima and Bagnall, Anthony and Darvishzadeh, Amirali and Keogh, Eamonn},
  year      = {2018},
  month     = {11},
  date      = {2018-11},
  publisher = {IEEE},
  doi       = {10.1109/icdm.2018.00119},
  url       = {http://dx.doi.org/10.1109/ICDM.2018.00119}
}

@inproceedings{gharghabi2018b,
  author    = {Gharghabi, Shaghayegh and Imani, Shima and Bagnall, Anthony and Darvishzadeh, Amirali and Keogh, Eamonn},
  doi       = {10.1109/ICDM.2018.00119},
  month     = {nov},
  pages     = {965--970},
  publisher = {IEEE},
  title     = {Matrix Profile XII: MPdist: A Novel Time Series Distance Measure to Allow Data Mining in More Challenging Scenarios},
  year      = {2018}
}
@online{gitactions2021,
  title   = {{GitHub Actions}},
  url     = {https://github.com/features/actions},
  urldate = {2021-07-14}
}
@article{Goldberger2000,
  title   = {PhysioBank, PhysioToolkit, and PhysioNet: Components of a new research resource for complex physiologic signals.},
  author  = {Goldberger, A and Amaral, L and Glass, L and Hausdorff, J and Ivanov, PC and Mark, R and Mietus, JE and Moody, GB and Peng, CK and Stanley, HE},
  year    = 2000,
  journal = {Circulation [online]},
  volume  = 101,
  number  = 23,
  pages   = {e215--e220}
}
@incollection{grammatikakis2021,
  doi       = {10.1007/978-3-030-66729-0_11},
  url       = {https://doi.org/10.1007%2F978-3-030-66729-0_11},
  year      = 2021,
  publisher = {Springer International Publishing},
  pages     = {90--96},
  author    = {Miltos D. Grammatikakis and Anastasios Koumarelis and Efstratios Ntallaris},
  title     = {Validation of Soft Real-Time in Remote {ECG} Analysis},
  booktitle = {Lecture Notes in Electrical Engineering}
}
@article{Greenwell2018,
  doi       = {10.48550/arxiv.1805.04755},
  url       = {https://dx.doi.org/10.48550/arxiv.1805.04755},
  author    = {Greenwell, Brandon M. and Boehmke, Bradley C. and McCarthy, Andrew J.},
  keywords  = {Machine Learning (stat.ML), Machine Learning (cs.LG), FOS: Computer and information sciences, FOS: Computer and information sciences},
  title     = {A Simple and Effective Model-Based Variable Importance Measure},
  publisher = {arXiv},
  year      = {2018},
  copyright = {arXiv.org perpetual, non-exclusive license}
}
@article{Greenwell2020,
  author  = {Greenwell, Brandon M. and Boehmke, Bradley C.},
  doi     = {10.32614/rj-2020-013},
  issn    = {20734859},
  journal = {R Journal},
  number  = {1},
  pages   = {343--366},
  title   = {{Variable Importance Plots-An Introduction to the vip Package}},
  volume  = {12},
  year    = {2020}
}
@article{Hassan2017,
  title       = {{Classification of normal and arrhythmic ECG using wavelet transform based template-matching technique.}},
  author      = {Hassan, Wajahat and Saleem, Saqib and Habib, Aamir and Qamar-ul-Islam},
  year        = 2017,
  month       = {jun},
  journal     = {JPMA. The Journal of the Pakistan Medical Association},
  volume      = 67,
  number      = 6,
  pages       = {843--847},
  issn        = {0030-9982},
  url         = {http://www.ncbi.nlm.nih.gov/pubmed/28585579},
  institution = {Qamar-ul-Islam},
  keywords    = {Arrhythmia,Electrocardiogram,Ventricular fibrillation.},
  language    = {eng},
  pmid        = 28585579
}
@book{Hastie2009,
  address   = {New York, NY},
  author    = {Hastie, Trevor and Tibshirani, Robert and Friedman, Jerome},
  doi       = {10.1007/978-0-387-84858-7},
  isbn      = {978-0-387-84857-0},
  publisher = {Springer},
  series    = {Springer Series in Statistics},
  title     = {{The Elements of Statistical Learning: Data Mining, Inference, and Prediction}},
  url       = {http://link.springer.com/10.1007/978-0-387-84858-7},
  year      = {2009}
}
@inproceedings{hoogantink2015,
  title     = {Reducing false arrhythmia alarms using robust interval estimation and machine learning},
  author    = {{Hoog Antink}, {Christoph} and {Leonhardt}, {Steffen}},
  year      = 2015,
  month     = {09},
  publisher = {IEEE},
  doi       = {10.1109/cic.2015.7408642},
  date      = {2015-09}
}
@inproceedings{Imani2018,
  author    = {Imani, Shima and Madrid, Frank and Ding, Wei and Crouter, Scott and Keogh, Eamonn},
  booktitle = {2018 IEEE International Conference on Data Mining (ICDM)},
  title     = {Matrix Profile XIII : Time Series Snippets : A New Primitive for Time Series Data Mining},
  year      = {2018}
}
@article{JointCommission2013,
  title  = {{Sentinel event alert - Medical device alarm safety in hospitals.}},
  author = {{Joint Commission}},
  year   = 2013,
  month  = {apr},
  number = 50,
  pages  = {1--3},
  pmid   = 23767076
}
@article{JSSv028i05,
  author  = {Max Kuhn},
  title   = {Building Predictive Models in R Using the caret Package},
  journal = {Journal of Statistical Software, Articles},
  volume  = {28},
  number  = {5},
  year    = {2008},
  issn    = {1548-7660},
  pages   = {1--26},
  doi     = {10.18637/jss.v028.i05},
  url     = {https://www.jstatsoft.org/v028/i05}
}
@inproceedings{kalidas2015,
  title     = {Enhancing accuracy of arrhythmia classification by combining logical and machine learning techniques},
  author    = {{Kalidas}, {Vignesh} and {Tamil}, {Lakshman S}},
  year      = 2015,
  month     = {09},
  publisher = {IEEE},
  doi       = {10.1109/cic.2015.7411015},
  date      = {2015-09}
}
@article{Keogh2005,
  author   = {Keogh, Eamonn and Lin, Jessica},
  doi      = {10.1007/s10115-004-0172-7},
  isbn     = {0-7695-1978-4},
  issn     = {0219-1377},
  journal  = {Knowledge and Information Systems},
  keywords = {Clustering,Data mining,Rule discovery,Subsequence,Time series},
  month    = {aug},
  number   = {2},
  pages    = {154-177},
  pmid     = {1622},
  title    = {{Clustering of time-series subsequences is meaningless: implications for previous and future research}},
  volume   = {8},
  year     = {2005}
}
@article{kowsar2022,
  doi       = {10.1109/tcyb.2020.3027714},
  url       = {https://doi.org/10.1109%2Ftcyb.2020.3027714},
  year      = 2022,
  month     = {jun},
  publisher = {Institute of Electrical and Electronics Engineers ({IEEE})},
  volume    = {52},
  number    = {6},
  pages     = {5148--5160},
  author    = {Yousef Kowsar and Masud Moshtaghi and Eduardo Velloso and Christopher Leckie and Lars Kulik},
  title     = {An Online Unsupervised Dynamic Window Method to Track Repeating Patterns From Sensor Data},
  journal   = {{IEEE} Transactions on Cybernetics}
}
@misc{krystalli_2019,
  author  = {Krystalli, Anna},
  year    = 2019,
  journal = {R for Reproducible Research},
  url     = {https://annakrystalli.me/rrresearch/}
}
@book{landau2021,
  title     = {ropensci/targets, Dynamic Function-Oriented 'Make'-Like Declarative Workflows},
  author    = {{Landau}, {Will} and {Landau}, {Will} and {Warkentin}, {Matthew T.} and {Barrett}, {Malcolm} and {Albers}, {Sam} and {Kendon Bell} and {Timing Liu} and {, Robin} and {Hyde}, {Russ}},
  year      = 2021,
  month     = {03},
  publisher = {Zenodo},
  doi       = {10.5281/ZENODO.4062936},
  date      = {2021-03-27}
}

@article{Lawless1994,
  title   = {Crying wolf: false alarms in a pediatric intensive care unit.},
  author  = {Lawless, S T},
  year    = 1994,
  month   = jun,
  journal = {Critical care medicine},
  volume  = 22,
  number  = 6,
  pages   = {981--5},
  pmid    = 8205831
}
@article{Lin2007,
  author   = {Lin, Jessica and Keogh, Eamonn and Wei, Li and Lonardi, Stefano},
  doi      = {10.1007/s10618-007-0064-z},
  issn     = {13845810},
  journal  = {Data Mining and Knowledge Discovery},
  keywords = {Data mining,Discretize,Symbolic representation,Time series},
  number   = {2},
  pages    = {107--144},
  title    = {{Experiencing SAX: A novel symbolic representation of time series}},
  volume   = {15},
  year     = {2007}
}
@article{lin2016,
  title   = {Movement Primitive Segmentation for Human Motion Modeling: A Framework for Analysis},
  author  = {Lin, Jonathan Feng-Shun and Karg, Michelle and Kulic, Dana},
  year    = {2016},
  month   = {06},
  date    = {2016-06},
  journal = {IEEE Transactions on Human-Machine Systems},
  pages   = {325--339},
  volume  = {46},
  number  = {3},
  doi     = {10.1109/thms.2015.2493536},
  url     = {http://dx.doi.org/10.1109/THMS.2015.2493536}
}
@inproceedings{Lundberg2017,
  archiveprefix = {arXiv},
  arxivid       = {1705.07874},
  author        = {Lundberg, Scott M and Lee, Su In},
  booktitle     = {Advances in Neural Information Processing Systems},
  eprint        = {1705.07874},
  issn          = {10495258},
  number        = {Section 2},
  pages         = {4766--4775},
  title         = {{A unified approach to interpreting model predictions}},
  volume        = {2017-Decem},
  year          = {2017}
}


@inproceedings{Madrid2019,
  author    = {Madrid, Frank and Singh, Shailendra and Chesnais, Quentin and Mauck, Kerry and Keogh, Eamonn},
  booktitle = {2019 IEEE International Conference on Data Science and Advanced Analytics (DSAA)},
  doi       = {10.1109/DSAA.2019.00061},
  isbn      = {978-1-7281-4493-1},
  month     = {oct},
  pages     = {463--472},
  publisher = {IEEE},
  title     = {{Matrix Profile XVI: Efficient and Effective Labeling of Massive Time Series Archives}},
  url       = {https://ieeexplore.ieee.org/document/8964221/},
  year      = {2019}
}
@online{mass2015,
  title   = {The Fastest Similarity Search Algorithm for Time Series Subsequences under Euclidean Distance},
  author  = {Mueen, Abdullah and Zhu, Yan and Yeh, Michael and Kamgar, Kaveh and Viswanathan, Krishnamurthy and Gupta, Chetan and Keogh, Eamonn},
  year    = 2017,
  url     = {https://www.cs.unm.edu/~mueen/FastestSimilaritySearch.html},
  urldate = {2021-10-02}
}
@article{Matsubara2014,
  author   = {Matsubara, Yasuko and Sakurai, Yasushi and Faloutsos, Christos},
  doi      = {10.1145/2588555.2588556},
  journal  = {Proceedings of the ACM SIGMOD International Conference on Management of Data},
  keywords = {Automatic mining,Time-series data},
  pages    = {193--204},
  title    = {AutoPlait: Automatic mining of co-evolving time sequences},
  year     = {2014}
}
@article{Matthews1975,
  author  = {Matthews, B.W.},
  doi     = {10.1016/0005-2795(75)90109-9},
  issn    = {00052795},
  journal = {Biochimica et Biophysica Acta (BBA) - Protein Structure},
  month   = {oct},
  number  = {2},
  pages   = {442--451},
  pmid    = {1180967},
  title   = {{Comparison of the predicted and observed secondary structure of T4 phage lysozyme}},
  url     = {https://linkinghub.elsevier.com/retrieve/pii/0005279575901099},
  volume  = {405},
  year    = {1975}
}
@inproceedings{Mercer2021,
  author    = {Mercer, Ryan and Alaee, Sara and Abdoli, Alireza and Singh, Shailendra and Murillo, Amy and Keogh, Eamonn},
  booktitle = {2021 IEEE International Conference on Data Mining (ICDM)},
  title     = {Matrix Profile XXIII: Contrast Profile: A Novel Time Series Primitive that Allows Real World Classification},
  year      = {2021},
  pages     = {1240-1245},
  doi       = {10.1109/ICDM51629.2021.00151}
}
@inbook{mirmomeni2018,
  title     = {An Automated Matrix Profile for Mining Consecutive Repeats in Time Series},
  author    = {Mirmomeni, Mahtab and Kowsar, Yousef and Kulik, Lars and Bailey, James},
  year      = {2018},
  date      = {2018},
  publisher = {Springer International Publishing},
  pages     = {192--200},
  doi       = {10.1007/978-3-319-97310-4_22},
  url       = {http://dx.doi.org/10.1007/978-3-319-97310-4_22}
}
@book{Molnar2022,
  author  = {Molnar, Christoph},
  edition = {2nd},
  isbn    = {979-8411463330},
  pages   = {329},
  title   = {{Interpretable Machine Learning. A Guide for Making Black Box Models Explainable.}},
  url     = {https://christophm.github.io/interpretable-ml-book},
  year    = {2022}
}
@book{Morgan2019,
  author = {Morgan, S},
  isbn   = {978-1-78882-100-1},
  pages  = {300},
  title  = {{Research Methodology and Statistical Methods}},
  year   = {2019}
}
@online{mpf2020,
  title   = {{Matrix Profile Foundation}},
  url     = {https://matrixprofile.org/},
  urldate = {2022-01-27}
}
@online{mpucr,
  title   = {{UCR Matrix Profile Page}},
  url     = {https://www.cs.ucr.edu/~eamonn/MatrixProfile.html},
  urldate = {2022-01-27}
}
@inproceedings{mueen2010,
  title     = {SIGMOD/PODS '10: International Conference on Management of Data},
  author    = {Mueen, Abdullah and Nath, Suman and Liu, Jie},
  year      = {2010},
  month     = {06},
  date      = {2010-06-06},
  publisher = {ACM},
  doi       = {10.1145/1807167.1807188},
  url       = {http://dx.doi.org/10.1145/1807167.1807188}
}
@article{Parthasarathy2004,
  title   = {Sleep in the intensive care unit},
  author  = {Parthasarathy, Sairam and Tobin, Martin J.},
  year    = 2004,
  month   = feb,
  journal = {Intensive Care Medicine},
  volume  = 30,
  number  = 2,
  pages   = {197--206},
  doi     = {10.1007/s00134-003-2030-6}
}
@online{PlatformIO,
  title   = {PlatformIO, a professional collaborative platform for embedded development},
  url     = {https://platformio.org/},
  urldate = {2022-01-05}
}
@inproceedings{plesinger2015,
  title     = {False alarms in intensive care unit monitors: Detection of life-threatening arrhythmias using elementary algebra, descriptive statistics and fuzzy logic},
  author    = {{Plesinger}, {Filip} and {Klimes}, {Petr} and {Halamek}, {Josef} and {Jurak}, {Pavel}},
  year      = 2015,
  month     = {09},
  publisher = {IEEE},
  doi       = {10.1109/cic.2015.7408641},
  urldate   = {2021-04-08},
  date      = {2015-09}
}
@article{priya2016,
  title   = {Application of Adaptive Signal Processing for Electrocardiogram Signal Analysis: Interference Cancellation},
  author  = {{Priya}, {L.} and {Kandaswamy}, {A.}},
  year    = 2016,
  month   = {04},
  journal = {Journal of Medical Imaging and Health Informatics},
  volume  = 6,
  number  = 2,
  pages   = {499--505},
  doi     = {10.1166/jmihi.2016.1719},
  url     = {http://dx.doi.org/10.1166/jmihi.2016.1719},
  date    = {2016-04-01},
  langid  = {en}
}

@inproceedings{Rakthanmanon2013,
  title     = {Fast Shapelets: A Scalable Algorithm for Discovering Time Series Shapelets},
  author    = {Rakthanmanon, Thanawin and Keogh, Eamonn},
  year      = 2013,
  month     = {05},
  booktitle = {Proceedings of the 2013 SIAM International Conference on Data Mining},
  publisher = {Society for Industrial and Applied Mathematics},
  address   = {Philadelphia, PA},
  isbn      = 9781611972627,
  pages     = {668--676},
  doi       = {10.1137/1.9781611972832.74},
  url       = {https://epubs.siam.org/doi/abs/10.1137/1.9781611972832.74}
}
@article{RJ-2020-021,
  author  = {Francisco Bischoff and Pedro Pereira Rodrigues},
  title   = {{tsmp: An R Package for Time Series with Matrix Profile}},
  year    = {2020},
  journal = {{The R Journal}},
  doi     = {10.32614/RJ-2020-021},
  url     = {https://doi.org/10.32614/RJ-2020-021},
  pages   = {76--86},
  volume  = {12},
  number  = {1}
}
@inproceedings{Rodrigues2010,
  title     = {{Memoryless Fading Windows in Ubiquitous Settings}},
  author    = {Rodrigues, Pedro Pereira and Gama, Jo{\~{a}}o and Sebasti{\~{a}}o, Raquel},
  year      = 2010,
  booktitle = {Proceedings of the First Ubiquitous Data Mining Workshop},
  pages     = {23--27}
}
@inproceedings{sadr2015,
  title     = {{Reducing false arrhythmia alarms in the ICU by Hilbert QRS detection}},
  author    = {Sadr, Nadi and Huvanandana, Jacqueline and Nguyen, Doan Trang and Kalra, Chandan and McEwan, Alistair and de Chazal, Philip},
  year      = 2015,
  month     = {sep},
  booktitle = {2015 Computing in Cardiology Conference (CinC)},
  publisher = {IEEE},
  volume    = 42,
  pages     = {1173--1176},
  doi       = {10.1109/CIC.2015.7411125},
  isbn      = {978-1-5090-0685-4},
  issn      = {2325887X},
  url       = {http://ieeexplore.ieee.org/document/7411125/}
}

@article{sendelbach2013,
  title   = {Alarm Fatigue},
  author  = {{Sendelbach}, {Sue} and {Funk}, {Marjorie}},
  year    = 2013,
  month   = 10,
  journal = {AACN Advanced Critical Care},
  volume  = 24,
  number  = 4,
  pages   = {378--386},
  doi     = {10.4037/nci.0b013e3182a903f9},
  date    = {2013-10-01},
  langid  = {en}
}
@article{Sim2005,
  author   = {Sim, Julius and Wright, Chris C},
  doi      = {10.1093/ptj/85.3.257},
  issn     = {0031-9023},
  journal  = {Physical Therapy},
  keywords = {chris c wright,julius sim,kappa,measurement,reliability,sample size},
  month    = {mar},
  number   = {3},
  pages    = {257-268},
  pmid     = {15733050},
  title    = {{The Kappa Statistic in Reliability Studies: Use, Interpretation, and Sample Size Requirements}},
  volume   = {85},
  year     = {2005}
}
@online{sparkfun2021,
  title   = {AD8232 Single Lead Heart Rate Monitor},
  author  = {{SparkFun Electronics}},
  year    = 2014,
  url     = {https://www.sparkfun.com/products/12650},
  urldate = {2021-07-14}
}
@article{Tatbul2018,
  archiveprefix = {arXiv},
  arxivid       = {1803.03639},
  author        = {Tatbul, Nesime and Lee, Tae Jun and Zdonik, Stan and Alam, Mejbah and Gottschlich, Justin},
  eprint        = {1803.03639},
  issn          = {10495258},
  journal       = {Advances in Neural Information Processing Systems},
  number        = {NeurIPS},
  pages         = {1920--1930},
  title         = {{Precision and recall for time series}},
  volume        = {2018-Decem},
  year          = {2018}
}
@online{the_jc,
  title   = {The Joint Commission},
  year    = 2021,
  url     = {https://www.jointcommission.org},
  urldate = {2021-04-08}
}

@online{the_jc2021,
  title   = {The Joint Commission - National Patient Safety Goals},
  year    = 2021,
  url     = {https://www.jointcommission.org/standards/national-patient-safety-goals/hospital-national-patient-safety-goals/},
  urldate = {2021-04-08}
}
@online{Thompson2020,
  author    = {Thompson, John},
  booktitle = {teachingR - Academic and staff blogs from the University of Leicester},
  month     = {10},
  title     = {On not using tidymodels},
  url       = {https://staffblogs.le.ac.uk/teachingr/2020/10/05/on-not-using-tidymodels/},
  urldate   = {2022-01-05},
  year      = {2020}
}
@manual{tidymodels2020,
  title  = {Tidymodels: a collection of packages for modeling and machine learning using tidyverse principles.},
  author = {Max Kuhn and Hadley Wickham},
  url    = {https://www.tidymodels.org},
  year   = {2020}
}
@article{VanBenschoten2020,
  title   = {MPA: a novel cross-language API for time series analysis},
  author  = {{Van Benschoten}, Andrew and Ouyang, Austin and Bischoff, Francisco and Marrs, Tyler},
  year    = 2020,
  month   = may,
  journal = {Journal of Open Source Software},
  volume  = 5,
  number  = 49,
  pages   = 2179,
  doi     = {10.21105/joss.02179}
}
@article{velikic2012non,
  title    = {{Non-traditional interpretation of ECG signals : uncovering hidden data for multimodal health monitoring}},
  author   = {Velikic, Gordana and Ruangsuwana, Rangsal and Bocko, Mark and Pentland, Alice},
  year     = 2012,
  journal  = {TEM Journal},
  pages    = {55--61},
  keywords = {ecg,health,noncontact electrodes}
}

@article{Vlachos2005,
  author  = {Vlachos, Michail and Yu, Philip and Castelli, Vittorio},
  doi     = {10.1137/1.9781611972757.40},
  journal = {Proceedings of the 2005 SIAM International Conference on Data Mining},
  pages   = {449--460},
  title   = {On Periodicity Detection and Structural Periodic Similarity},
  year    = {2005}
}
@article{Wei2015,
  author   = {Wei, Pengfei and Lu, Zhenzhou and Song, Jingwen},
  doi      = {10.1016/j.ress.2015.05.018},
  issn     = {09518320},
  journal  = {Reliability Engineering {\&} System Safety},
  keywords = {Difference-based,Graphic variable importance measures,Moment-independent,Random forest,Regression technique,Variable importance analysis,Variance-based},
  month    = {oct},
  pages    = {399--432},
  title    = {{Variable importance analysis: A comprehensive review}},
  volume   = {142},
  year     = {2015}
}

@article{wilkinson2016,
  title   = {The FAIR Guiding Principles for scientific data management and stewardship},
  author  = {{Wilkinson}, {Mark D.} and {Dumontier}, {Michel} and {Aalbersberg}, {IJsbrand Jan} and {Appleton}, {Gabrielle} and {Axton}, {Myles} and {Baak}, {Arie} and {Blomberg}, {Niklas} and {Boiten}, {Jan-Willem} and {da Silva Santos}, {Luiz Bonino} and {Bourne}, {Philip E.} and {Bouwman}, {Jildau} and {Brookes}, {Anthony J.} and {Clark}, {Tim} and {Crosas}, {Mercè} and {Dillo}, {Ingrid} and {Dumon}, {Olivier} and {Edmunds}, {Scott} and {Evelo}, {Chris T.} and {Finkers}, {Richard} and {Gonzalez-Beltran}, {Alejandra} and {Gray}, {Alasdair J.G.} and {Groth}, {Paul} and {Goble}, {Carole} and {Grethe}, {Jeffrey S.} and {Heringa}, {Jaap} and {{\textquoteright}t Hoen}, {Peter A.C} and {Hooft}, {Rob} and {Kuhn}, {Tobias} and {Kok}, {Ruben} and {Kok}, {Joost} and {Lusher}, {Scott J.} and {Martone}, {Maryann E.} and {Mons}, {Albert} and {Packer}, {Abel L.} and {Persson}, {Bengt} and {Rocca-Serra}, {Philippe} and {Roos}, {Marco} and {van Schaik}, {Rene} and {Sansone}, {Susanna-Assunta} and {Schultes}, {Erik} and {Sengstag}, {Thierry} and {Slater}, {Ted} and {Strawn}, {George} and {Swertz}, {Morris A.} and {Thompson}, {Mark} and {van der Lei}, {Johan} and {van Mulligen}, {Erik} and {Velterop}, {Jan} and {Waagmeester}, {Andra} and {Wittenburg}, {Peter} and {Wolstencroft}, {Katherine} and {Zhao}, {Jun} and {Mons}, {Barend}},
  year    = 2016,
  month   = {03},
  journal = {Scientific Data},
  volume  = 3,
  number  = 1,
  doi     = {10.1038/sdata.2016.18},
  date    = {2016-03-15},
  langid  = {en}
}
@article{workflowr2021,
  title   = {Creating and sharing reproducible research code the workflowr way [version 1; peer review: 3 approved]},
  author  = {John D Blischak and Peter Carbonetto and Matthew Stephens},
  year    = 2019,
  journal = {F1000Research},
  volume  = 8,
  number  = 1749,
  doi     = {10.12688/f1000research.20843.1}
}
@article{Wu2020,
  archiveprefix = {arXiv},
  arxivid       = {2009.13807},
  author        = {Wu, Renjie and Keogh, Eamonn},
  doi           = {10.1109/TKDE.2021.3112126},
  eprint        = {2009.13807},
  issn          = {1041-4347},
  journal       = {IEEE Transactions on Knowledge and Data Engineering},
  month         = {sep},
  title         = {{Current Time Series Anomaly Detection Benchmarks are Flawed and are Creating the Illusion of Progress}},
  url           = {http://arxiv.org/abs/2009.13807 http://dx.doi.org/10.1109/TKDE.2021.3112126 https://ieeexplore.ieee.org/document/9537291/},
  year          = {2021}
}
@inproceedings{yeh2016,
  title     = {2016 IEEE 16th International Conference on Data Mining (ICDM)},
  author    = {{Yeh}, {Chin-Chia Michael} and {Zhu}, {Yan} and {Ulanova}, {Liudmila} and {Begum}, {Nurjahan} and {Ding}, {Yifei} and {Dau}, {Hoang Anh} and {Silva}, {Diego Furtado} and {Mueen}, {Abdullah} and {Keogh}, {Eamonn}},
  year      = 2016,
  month     = 12,
  publisher = {IEEE},
  doi       = {10.1109/icdm.2016.0179},
  date      = {2016-12}
}
@inproceedings{Yeh2017a,
  author    = {Yeh, Chin-Chia Michael and Zhu, Yan and Ulanova, Liudmila and Begum, Nurjahan and Ding, Yifei and Dau, Hoang Anh and Silva, Diego Furtado and Mueen, Abdullah and Keogh, Eamonn},
  booktitle = {2016 IEEE 16th International Conference on Data Mining (ICDM)},
  doi       = {10.1109/ICDM.2016.0179},
  month     = {dec},
  pages     = {1317--1322},
  publisher = {IEEE},
  title     = {Matrix Profile I: All Pairs Similarity Joins for Time Series: A Unifying View That Includes Motifs, Discords and Shapelets},
  year      = {2016}
}
@online{yoma91,
  author = {Wang, X. and Ma, C. and Zhang, X. and Gao, H. and Clifford, G. D. and Liu, C.},
  doi    = {10.13026/ksya-qw89},
  year   = {2021},
  title  = {Paroxysmal Atrial Fibrillation Events Detection from Dynamic ECG Recordings: The 4th China Physiological Signal Challenge},
  url    = {https://www.physionet.org/content/cpsc2021/1.0.0/#files-panel}
}
@online{zenhub2021,
  title   = {{Zenhub roadmap}},
  url     = {https://app.zenhub.com/workspaces/phd-thesis-5eb2ce34f5f30b3aed0a35af/roadmap},
  urldate = {2022-01-27}
}

@inproceedings{zhu2016,
  title     = {2016 IEEE 16th International Conference on Data Mining (ICDM)},
  author    = {Zhu, Yan and Zimmerman, Zachary and Senobari, Nader Shakibay and Yeh, Chin-Chia Michael and Funning, Gareth and Mueen, Abdullah and Brisk, Philip and Keogh, Eamonn},
  year      = {2016},
  month     = {12},
  date      = {2016-12},
  publisher = {IEEE},
  doi       = {10.1109/icdm.2016.0085},
  url       = {http://dx.doi.org/10.1109/ICDM.2016.0085}
}

@inproceedings{zhu2018,
  title     = {2018 IEEE International Conference on Data Mining (ICDM)},
  author    = {Zhu, Yan and Yeh, Chin-Chia Michael and Zimmerman, Zachary and Kamgar, Kaveh and Keogh, Eamonn},
  year      = {2018},
  month     = {11},
  date      = {2018-11},
  publisher = {IEEE},
  doi       = {10.1109/icdm.2018.00099},
  url       = {http://dx.doi.org/10.1109/icdm.2018.00099}
}
